@article{bauer_2017,
  title={A more general model for testing measurement invariance and differential item functioning.},
  author={Bauer, Daniel J},
  journal={Psychological methods},
  volume={22},
  number={3},
  pages={507},
  year={2017},
  publisher={American Psychological Association}
}

@article{curran_2014,
title={A moderated nonlinear factor model for the development of commensurate measures in integrative data analysis},
  author={Curran, Patrick J and McGinley, James S and Bauer, Daniel J and Hussong, Andrea M and Burns, Alison and Chassin, Laurie and Sher, Kenneth and Zucker, Robert},
  journal={Multivariate behavioral research},
  volume={49},
  number={3},
  pages={214--231},
  year={2014},
  publisher={Taylor \& Francis}
}

@article{bauer_2017_supp,
  title={Supplement to "{A} more general model for testing measurement invariance and differential item functioning".},
  author={Bauer, Daniel J},
  journal={Psychological methods},
  volume={22},
  number={3},
  pages={507},
  year={2017},
  publisher={American Psychological Association}
}